@online{Fundreport,
	key = {CAN MACHINE LEARNING TECHNIQUES BE USED TO PREDICT MARKET DIRECTION? - THE 1,000,000 MODEL TEST},
  	title = {CAN MACHINE LEARNING TECHNIQUES BE USED TO PREDICT MARKET DIRECTION? - THE 1,000,000 MODEL TEST},
  	howpublished = {\url{http://www.jonathankinlay.com/Articles/ONE%20MILLION%20MODELS.pdf}},
  	note = {[Accessed: 2017-04-14]}
}

@online{thesis,
	key = {Predicting Stock Markets with Neural Networks},
  	title = {Predicting Stock Markets with Neural Networks},
  	howpublished = {\url{https://www.duo.uio.no/bitstream/handle/10852/44765/aamodt-master.pdf?sequence=7}},
  	note = {[Accessed: 2017-04-15]}
}

@article{plosone,
    author = {Mingyue Qiu, Yu Song},
    pages = {e0155133},
    publisher = {PLOSone},
    title = {Predicting the Direction of Stock Market Index Movement Using an Optimized Artificial Neural Network Model},
    volume = {11},
    journal = {PLOSone},
    year = {2016},
}

@article{arxiv,
    author = {Luckyson Khaidem, Snehanshu Saha, Sudeepa Roy Dey},
    pages = {1605.00003v1},
    publisher = {arXiv},
    title = {Predicting the direction of stock market prices using random forest},
    volume = {},
    journal = {arXiv},
    year = {2016},
}

@article{trade,
    author = {Najeb Masoud},
    pages = {597-619},
    publisher = {SCIENCEDOMAIN international},
    title = {Predicting Direction of Stock Prices Index Movement Using Artificial Neural Networks: The Case of Libyan Financial Market},
    volume = {4},
    journal = {British Journal of Economics, Management \& Trade},
    year = {2014},
}
